%% This BibTeX bibliography file was created using BibDesk.
%% http://bibdesk.sourceforge.net/


%% Created for Anastasia Braginsky at 2016-08-01 11:58:16 +0300 


%% Saved with string encoding Unicode (UTF-8) 

@inproceedings{DBLP:conf/podc/BrownER13,
  author    = {Trevor Brown and
               Faith Ellen and
               Eric Ruppert},
  editor    = {Panagiota Fatourou and
               Gadi Taubenfeld},
  title     = {Pragmatic primitives for non-blocking data structures},
  booktitle = {{ACM} Symposium on Principles of Distributed Computing, {PODC} '13,
               Montreal, QC, Canada, July 22-24, 2013},
  pages     = {13--22},
  publisher = {{ACM}},
  year      = {2013},
  url       = {https://doi.org/10.1145/2484239.2484273},
  doi       = {10.1145/2484239.2484273},
  timestamp = {Wed, 14 Nov 2018 10:51:56 +0100},
  biburl    = {https://dblp.org/rec/bib/conf/podc/BrownER13},
  bibsource = {dblp computer science bibliography, https://dblp.org}
}

@inproceedings{DBLP:conf/ppopp/BrownER14,
  author    = {Trevor Brown and
               Faith Ellen and
               Eric Ruppert},
  editor    = {Jos{\'{e}} E. Moreira and
               James R. Larus},
  title     = {A general technique for non-blocking trees},
  booktitle = {{ACM} {SIGPLAN} Symposium on Principles and Practice of Parallel Programming,
               PPoPP '14, Orlando, FL, USA, February 15-19, 2014},
  pages     = {329--342},
  publisher = {{ACM}},
  year      = {2014},
  url       = {https://doi.org/10.1145/2555243.2555267},
  doi       = {10.1145/2555243.2555267},
  timestamp = {Wed, 14 Nov 2018 10:55:57 +0100},
  biburl    = {https://dblp.org/rec/bib/conf/ppopp/BrownER14},
  bibsource = {dblp computer science bibliography, https://dblp.org}
}

@inproceedings{wttm2016,
	Author = {Bapi Chatterjee},
	Booktitle = {WTTM},
	Date-Added = {2016-08-01 08:56:02 +0000},
	Date-Modified = {2016-08-01 08:57:37 +0000},
	Title = {Lock-Free Linearizable 1-Dimensional Range Queries},
	Year = {2016}}

@misc{phablet,
	Date-Added = {2016-07-12 11:10:45 +0000},
	Date-Modified = {2016-07-12 11:12:03 +0000},
	Howpublished = {\url{http://flurrymobile.tumblr.com/post/117769261810/the-phablet-revolution}}}

@misc{appmatrix,
	Date-Added = {2016-07-12 11:10:19 +0000},
	Date-Modified = {2016-07-12 11:10:40 +0000},
	Howpublished = {\url{http://flurrymobile.tumblr.com/post/144245637325/appmatrix}}}

@misc{flurry,
	Date-Added = {2016-07-12 11:00:21 +0000},
	Date-Modified = {2016-07-12 11:06:33 +0000},
	Howpublished = {\url{https://developer.yahoo.com/flurry/docs/analytics/}},
	Title = {Flurry Analytics}}

@inproceedings{bpc16,
	Author = {Anastasia Braginsky and Erez Petrank and Nachshon Cohen},
	Booktitle = {{Euro-Par}},
	Date-Added = {2016-07-11 12:46:05 +0000},
	Date-Modified = {2016-07-11 12:54:30 +0000},
	Title = {{CBPQ}: High Performance Lock-Free Priority Queue},
	Year = {2016}}

@misc{leveldb,
	Howpublished = {\url{http://code.google.com/p/leveldb}},
	Month = jan,
	Title = {A fast and lightweight key/value database library by Google},
	Year = {2014}}

@misc{RocksDB,
	Howpublished = {\url{http://rocksdb.org/}},
	Month = jun,
	Title = {A persistent key-value store for fast storage environments},
	Year = {2014}}

@inproceedings{ArbelGHK15,
	Author = {Maya Arbel and Guy Golan{-}Gueta and Eshcar Hillel and Idit Keidar},
	Booktitle = {{DISC}},
	Pages = {170--184},
	Title = {Towards Automatic Lock Removal for Scalable Synchronization},
	Year = {2015}}

@inproceedings{Lomet13,
	Author = {Lomet, David B. and Sengupta, Sudipta and Levandoski, Justin J.},
	Booktitle = {{ICDE}},
	Pages = {302--313},
	Title = {The Bw-Tree: A B-tree for New Hardware Platforms},
	Year = {2013}}

@incollection{mv-stm-chapter,
	Author = {Idit Keidar and Dmitri Perelman},
	Booktitle = {Transactional Memory; Foundations, Algorithms, Tools, and Applications},
	Chapter = {7},
	Pages = {150--165},
	Title = {Multi-versioning in Transactional Memory},
	Volume = {8913},
	Year = {2015}}

@inproceedings{Kogan12,
	Author = {Kogan, Alex and Petrank, Erez},
	Booktitle = {{PPoPP}},
	Pages = {141--150},
	Title = {A Methodology for Creating Fast Wait-free Data Structures},
	Year = {2012}}

@inproceedings{Hendler04,
	Author = {Hendler, Danny and Shavit, Nir and Yerushalmi, Lena},
	Booktitle = {{SPAA}},
	Pages = {206--215},
	Title = {A Scalable Lock-free Stack Algorithm},
	Year = {2004}}

@misc{JavaConcurrentSkipList,
	Howpublished = {\url{https://docs.oracle.com/javase/7/docs/api/java/util/concurrent/ConcurrentSkipListMap.html}},
	Title = {{Java Concurrent Skip List}}}

@misc{JavaArrayCopy,
	Howpublished = {\url{https://docs.oracle.com/javase/7/docs/api/java/lang/System.html}},
	Title = {{Java Array Copy}}}

@misc{ApacheHBase,
	Howpublished = {\url{https://hbase.apache.org/}},
	Title = {{Apache HBase -- a Distributed Hadoop Database}}}

@book{Knuth:1998:ACP:280635,
	Address = {Redwood City, CA, USA},
	Author = {Knuth, Donald E.},
	Isbn = {0-201-89685-0},
	Publisher = {Addison Wesley Longman Publishing Co., Inc.},
	Title = {The Art of Computer Programming, Volume 3: (2Nd Ed.) Sorting and Searching},
	Year = {1998}}

@book{Herlihy:2008:AMP:1734069,
	Address = {San Francisco, CA, USA},
	Author = {Herlihy, Maurice and Shavit, Nir},
	Isbn = {0123705916, 9780123705914},
	Publisher = {Morgan Kaufmann Publishers Inc.},
	Title = {The Art of Multiprocessor Programming},
	Year = {2008}}

@inproceedings{GolanGueta2015,
	Author = {Golan-Gueta, Guy and Bortnikov, Edward and Hillel, Eshcar and Keidar, Idit},
	Booktitle = {{EuroSys}},
	Pages = {32:1--32:14},
	Title = {Scaling Concurrent Log-structured Data Stores},
	Year = {2015}}

@book{Bernstein:1987:CCR:12518,
	Address = {Boston, MA, USA},
	Author = {Bernstein, Philip A. and Hadzilacos, Vassco and Goodman, Nathan},
	Isbn = {0-201-10715-5},
	Publisher = {Addison-Wesley Longman Publishing Co., Inc.},
	Title = {Concurrency Control and Recovery in Database Systems},
	Year = {1987}}

@article{Chang2008,
	Author = {Chang, Fay and Dean, Jeffrey and Ghemawat, Sanjay and Hsieh, Wilson C. and Wallach, Deborah A. and Burrows, Mike and Chandra, Tushar and Fikes, Andrew and Gruber, Robert E.},
	Issn = {0734-2071},
	Journal = {ACM Trans. Comput. Syst.},
	Month = jun,
	Number = {2},
	Pages = {4:1--4:26},
	Title = {Bigtable: A Distributed Storage System for Structured Data},
	Volume = {26},
	Year = {2008}}

@inproceedings{Shute2013,
	Author = {Jeff Shute and Radek Vingralek and Bart Samwel and Ben Handy and Chad Whipkey and Eric Rollins and Mircea Oancea and Kyle Littlefield and David Menestrina and Stephan Ellner and John Cieslewicz and Ian Rae and Traian Stancescu and Himani Apte},
	Booktitle = {VLDB},
	Title = {F1: A Distributed SQL Database That Scales},
	Year = 2013}

@inproceedings{Fatourou07,
	Acmid = {1281108},
	Address = {New York, NY, USA},
	Author = {Fatourou, Panagiota and Kallimanis, Nikolaos D.},
	Booktitle = {Proceedings of the Twenty-sixth Annual ACM Symposium on Principles of Distributed Computing},
	Date-Added = {2016-02-09 09:23:44 +0000},
	Date-Modified = {2016-02-09 09:24:08 +0000},
	Doi = {10.1145/1281100.1281108},
	Isbn = {978-1-59593-616-5},
	Keywords = {asynchronous, compare-and-swap (CAS), distributed algorithms, linearizable objects, single-scanner, snapshots, wait-free implementations},
	Location = {Portland, Oregon, USA},
	Numpages = {10},
	Pages = {33--42},
	Publisher = {ACM},
	Series = {PODC '07},
	Title = {Time-optimal, Space-efficient Single-scanner Snapshots \& Multi-scanner Snapshots Using CAS},
	Url = {http://doi.acm.org/10.1145/1281100.1281108},
	Year = {2007},
	Bdsk-Url-1 = {http://doi.acm.org/10.1145/1281100.1281108},
	Bdsk-Url-2 = {http://dx.doi.org/10.1145/1281100.1281108}}

@inproceedings{Jayanti05,
	Acmid = {1060697},
	Address = {New York, NY, USA},
	Author = {Jayanti, Prasad},
	Booktitle = {Proceedings of the Thirty-seventh Annual ACM Symposium on Theory of Computing},
	Date-Added = {2016-02-09 09:21:12 +0000},
	Date-Modified = {2016-02-09 09:21:27 +0000},
	Doi = {10.1145/1060590.1060697},
	Isbn = {1-58113-960-8},
	Keywords = {asynchronous, concurrent algorithm, fault-tolerant, lock-free, snapshot, wait-free},
	Location = {Baltimore, MD, USA},
	Numpages = {10},
	Pages = {723--732},
	Publisher = {ACM},
	Series = {STOC '05},
	Title = {An Optimal Multi-writer Snapshot Algorithm},
	Url = {http://doi.acm.org/10.1145/1060590.1060697},
	Year = {2005},
	Bdsk-Url-1 = {http://doi.acm.org/10.1145/1060590.1060697},
	Bdsk-Url-2 = {http://dx.doi.org/10.1145/1060590.1060697}}

@inproceedings{Prokopec12,
	Author = {Prokopec, Aleksandar and Bronson, Nathan Grasso and Bagwell, Phil and Odersky, Martin},
	Booktitle = {{PPoPP}},
	Pages = {151--160},
	Title = {Concurrent Tries with Efficient Non-blocking Snapshots},
	Year = {2012}}

@book{Ramakrishnan:2002:DMS:560733,
	Address = {New York, NY, USA},
	Author = {Ramakrishnan, Raghu and Gehrke, Johannes},
	Date-Added = {2016-02-09 08:24:58 +0000},
	Date-Modified = {2016-02-09 08:24:58 +0000},
	Edition = {3},
	Isbn = {0072465638, 9780072465631},
	Publisher = {McGraw-Hill, Inc.},
	Title = {Database Management Systems},
	Year = {2003}}

@inproceedings{Petrank2013,
	Author = {Petrank, Erez and Timnat, Shahar},
	Booktitle = {{DISC}},
	Pages = {224--238},
	Title = {Lock-Free Data-Structure Iterators},
	Year = {2013}}

@inproceedings{Fraser04,
	Author = {K. Fraser},
	Booktitle = {PhD dissertation, University of Cambridge},
	Date-Added = {2016-02-01 15:08:40 +0000},
	Date-Modified = {2016-02-01 15:08:40 +0000},
	Title = {Practical Lock-Freedom},
	Year = {2004}}

@inproceedings{kary,
	Author = {Trevor Brown and Joanna Helga},
	Booktitle = {{OPODIS}},
	Pages = {207--221},
	Title = {Non-blocking k-ary Search Trees},
	Year = {2011}}

@inproceedings{LogDRAM,
	Author = {Stephen M. Rumble and Ankita Kejriwal and John K. Ousterhout},
	Bibsource = {dblp computer science bibliography, http://dblp.org},
	Biburl = {http://dblp.uni-trier.de/rec/bib/conf/fast/RumbleKO14},
	Booktitle = {Proceedings of the 12th {USENIX} conference on File and Storage Technologies, {FAST} 2014, Santa Clara, CA, USA, February 17-20, 2014},
	Crossref = {DBLP:conf/fast/2014},
	Date-Added = {2016-01-31 07:50:44 +0000},
	Date-Modified = {2016-01-31 07:50:44 +0000},
	Pages = {1--16},
	Timestamp = {Thu, 15 May 2014 18:36:22 +0200},
	Title = {Log-structured memory for DRAM-based storage},
	Url = {https://www.usenix.org/conference/fast14/technical-sessions/presentation/rumble},
	Year = {2014},
	Bdsk-Url-1 = {https://www.usenix.org/conference/fast14/technical-sessions/presentation/rumble}}

@inproceedings{LinkedListBP,
	Author = {Anastasia Braginsky and Erez Petrank},
	Booktitle = {{ICDCN}},
	Pages = {107--118},
	Title = {Locality-Conscious Lock-Free Linked Lists},
	Year = {2011}}

@book{Welch2004,
	Author = {Welch, Jennifer L. and Attiya, Hagit},
	Publisher = {John Wiley Interscience},
	Title = {Distributed Computing: Fundamentals, Simulations and Advanced Topics (2nd edition)},
	Year = {2004}}

@article{HerlihyW1990,
	Author = {Maurice Herlihy and Jeannette M. Wing},
	Bibsource = {dblp computer science bibliography, http://dblp.org},
	Biburl = {http://dblp.uni-trier.de/rec/bib/journals/toplas/HerlihyW90},
	Journal = {{ACM} Trans. Program. Lang. Syst.},
	Number = {3},
	Pages = {463--492},
	Timestamp = {Thu, 04 Sep 2014 14:28:12 +0200},
	Title = {Linearizability: {A} Correctness Condition for Concurrent Objects},
	Volume = {12},
	Year = {1990},
	Bdsk-Url-1 = {http://doi.acm.org/10.1145/78969.78972},
	Bdsk-Url-2 = {http://dx.doi.org/10.1145/78969.78972}}

@inproceedings{HerlihyLLS2007,
	Author = {Maurice Herlihy and Yossi Lev and Victor Luchangco and Nir Shavit},
	Booktitle = {{SIROCCO}},
	Numpages = {15},
	Pages = {124--138},
	Title = {A Simple Optimistic Skiplist Algorithm},
	Year = {2007}}

@inproceedings{BronsonCCO2010,
	Author = {Nathan Grasso Bronson and Jared Casper and Hassan Chafi and Kunle Olukotun},
	Booktitle = {PPOPP},
	Pages = {257--268},
	Title = {A practical concurrent binary search tree.},
	Year = {2010}}

@inproceedings{EllenFRB2010,
	Author = {Faith Ellen and Panagiota Fatourou and Eric Ruppert and Franck van Breugel},
	Booktitle = {PODC},
	Keywords = {binary search tree, cas, non-blocking, shared memory},
	Pages = {131--140},
	Title = {Non-blocking Binary Search Trees},
	Year = {2010}}

@inproceedings{AfekKKMT2012,
	Author = {Yehuda Afek and Haim Kaplan and Boris Korenfeld and Adam Morrison and Robert E. Tarjan},
	Booktitle = {DISC},
	Pages = {1--15},
	Title = {{CBTree}: A Practical Concurrent Self-adjusting Search Tree},
	Year = {2012}}

@inproceedings{BraginskyP2012,
	Author = {Anastasia Braginsky and Erez Petrank},
	Booktitle = {SPAA},
	Pages = {58--67},
	Title = {A Lock-free {B}+Tree},
	Year = {2012}}

@inproceedings{CrainGR2013,
	Acmid = {2529849},
	Author = {Tyler Crain and Vincent Gramoli and Michel Raynal},
	Booktitle = {19th International Conference on Parallel Processing (Euro-Par)},
	Isbn = {978-3-642-40046-9},
	Keywords = {binary tree, concurrent data structures, efficient implementation},
	Location = {Aachen, Germany},
	Numpages = {12},
	Pages = {229--240},
	Title = {A Contention-friendly Binary Search Tree},
	Year = {2013}}

@inproceedings{BrownER2014,
	Author = {Trevor Brown and Faith Ellen and Eric Ruppert},
	Booktitle = {PPoPP},
	Pages = {329--342},
	Title = {A General Technique for Non-blocking Trees},
	Year = {2014}}

@inproceedings{NatarajanM2014,
	Author = {Aravind Natarajan and Neeraj Mittal},
	Booktitle = {PPoPP},
	Pages = {317--328},
	Title = {Fast Concurrent Lock-free Binary Search Trees},
	Year = {2014}}

@inproceedings{DrachslerVY2014,
	Author = {Dana Drachsler and Martin T. Vechev and Eran Yahav},
	Booktitle = {PPoPP},
	Pages = {343--356},
	Title = {Practical concurrent binary search trees via logical ordering.},
	Year = {2014}}

@inproceedings{ArbelA2014,
	Author = {Maya Arbel and Hagit Attiya},
	Booktitle = {PODC},
	Pages = {196--205},
	Title = {Concurrent updates with {RCU:} search tree as an example},
	Year = {2014}}

@inproceedings{Gramoli2015,
	Author = {Vincent Gramoli},
	Booktitle = {PPoPP},
	Title = {More Than You Ever Wanted to Know about Synchronization: Synchrobench, Measuring the Impact of the Synchronization on Concurrent Algorithms},
	Year = {2015}}

@book{Weikum:2001,
	Address = {San Francisco, CA, USA},
	Author = {Weikum, Gerhard and Vossen, Gottfried},
	Isbn = {1-55860-508-8},
	Publisher = {Morgan Kaufmann Publishers Inc.},
	Title = {Transactional information systems: theory, algorithms, and the practice of concurrency control and recovery},
	Year = {2001}}

@book{BHG:Book87,
	Author = {Philip A. Bernstein and Vassos Hadzilacos and Nathan Goodman},
	Isbn = {0-201-10715-5},
	Publisher = {Addison-Wesley},
	Title = {Concurrency Control and Recovery in Database Systems},
	Year = {1987}}

@book{HerlihyS2008,
	Author = {Herlihy, Maurice and Shavit, Nir},
	Publisher = {Morgan Kaufmann Publishers Inc.},
	Title = {The Art of Multiprocessor Programming},
	Year = {2008}}

@article{HLR:SLCA2010,
	Author = {Harris , Tim and Larus , James and Rajwar , Ravi},
	Journal = {Synthesis Lectures on Computer Architecture},
	Number = {1},
	Title = {Transactional Memory, 2nd edition},
	Volume = {5},
	Year = {2010}}

@article{Afek93,
	Acmid = {153741},
	Address = {New York, NY, USA},
	Author = {Afek, Yehuda and Attiya, Hagit and Dolev, Danny and Gafni, Eli and Merritt, Michael and Shavit, Nir},
	Date-Modified = {2016-02-10 19:27:55 +0000},
	Doi = {10.1145/153724.153741},
	Issn = {0004-5411},
	Issue_Date = {Sept. 1993},
	Journal = {J. ACM},
	Keywords = {atomic, consistent state, fault-tolerance, snapshot},
	Month = sep,
	Number = {4},
	Numpages = {18},
	Pages = {873--890},
	Publisher = {ACM},
	Title = {Atomic Snapshots of Shared Memory},
	Url = {http://doi.acm.org/10.1145/153724.153741},
	Volume = {40},
	Year = {1993},
	Bdsk-Url-1 = {http://doi.acm.org/10.1145/153724.153741},
	Bdsk-Url-2 = {http://dx.doi.org/10.1145/153724.153741}}

@inproceedings{BrownA12,
	Author = {Brown, Trevor and Avni, Hillel},
	Booktitle = {OPODIS},
	Pages = {31--45},
	Title = {Range Queries in Non-blocking k-ary Search Trees},
	Year = {2012}}

@inproceedings{Spiegelman:2016,
	Author = {Spiegelman, Alexander and Golan-Gueta, Guy and Keidar, Idit},
	Booktitle = {PLDI},
	Pages = {682--696},
	Title = {Transactional Data Structure Libraries},
	Year = {2016}}

@article{Sowell:2012,
 author = {Sowell, Benjamin and Golab, Wojciech and Shah, Mehul A.},
 title = {Minuet: A Scalable Distributed Multiversion B-tree},
 journal = {Proc. VLDB Endow.},
 issue_date = {May 2012},
 volume = {5},
 number = {9},
 month = may,
 year = {2012},
 pages = {884--895},
 numpages = {12},
 } 

@inproceedings{Mao:2012,
 author = {Mao, Yandong and Kohler, Eddie and Morris, Robert Tappan},
 title = {Cache Craftiness for Fast Multicore Key-value Storage},
 booktitle = {Proceedings of the 7th ACM European Conference on Computer Systems},
 series = {EuroSys '12},
 year = {2012},
 pages = {183--196},
} 

